<?xml version="1.0" encoding="UTF-8"?><collection xmlns="http://www.loc.gov/MARC21/slim"><record><leader>00483nam--2200145-i-4500</leader><controlfield tag="001">000034870</controlfield><controlfield tag="002">20161230</controlfield><controlfield tag="005">20161230201040</controlfield><controlfield tag="008">060222s1000------------r-----000-0-eng-d</controlfield><datafield ind1=" " ind2=" " tag="080"><subfield code="a">66</subfield></datafield><datafield ind1=" " ind2=" " tag="100"><subfield code="a">Nagiev, M.F</subfield></datafield><datafield ind1=" " ind2=" " tag="245"><subfield code="a">The theory of recycle processes in chemical engineering.translated by r.hardbottle translation edited by r.nedderman</subfield></datafield><datafield ind1=" " ind2=" " tag="260"><subfield code="a">Oxford, Pergamon Press, 1964. Xvi + 278p</subfield></datafield><datafield ind1=" " ind2=" " tag="490"><subfield code="a">International Series Of Monographs On Chemical Engineering</subfield></datafield><datafield ind1=" " ind2=" " tag="852"><subfield code="a">31479</subfield></datafield></record></collection>